@inproceedings{Socher2013,
  Location = {Seattle, WA},
  Author = {Socher, Richard  and  Perelygin, Alex  and  Wu, Jean  and  Chuang, Jason  and  Manning, Christopher D.  and  Ng, Andrew Y.  and  Potts, Christopher},
  Booktitle = {Proceedings of the 2013 Conference on {E}mpirical {M}ethods in {N}atural {L}anguage {P}rocessing},
  Month = {October},
  Publisher = {Association for Computational Linguistics},
  Address = {Stroudsburg, PA},
  Title = {Recursive Deep Models for Semantic Compositionality Over a Sentiment Treebank},
  Pages = {1631--1642},
  Year = {2013}}
  

